@article{Allard2007,
author = {Allard, Denis and Naveau, Philippe},
doi = {10.1080/03610920601126290},
file = {:Users/samorris/Dropbox/Mendeley/Communications in Statistics - Theory and Methods/Allard, Naveau - 2007 - A New Spatial Skew-Normal Random Field Model.pdf:pdf},
issn = {0361-0926},
journal = {Communications in Statistics - Theory and Methods},
keywords = {multivariate},
month = jul,
number = {9},
pages = {1821--1834},
title = {{A New Spatial Skew-Normal Random Field Model}},
url = {http://www.tandfonline.com/doi/abs/10.1080/03610920601126290},
volume = {36},
year = {2007}
}
@article{Azzalini1996,
author = {Azzalini, A},
doi = {10.1093/biomet/83.4.715},
file = {:Users/samorris/Dropbox/Mendeley/Biometrika/Azzalini - 1996 - The multivariate skew-normal distribution.pdf:pdf},
issn = {0006-3444},
journal = {Biometrika},
month = dec,
number = {4},
pages = {715--726},
title = {{The multivariate skew-normal distribution}},
url = {http://biomet.oxfordjournals.org/content/83/4/715.short http://biomet.oupjournals.org/cgi/doi/10.1093/biomet/83.4.715},
volume = {83},
year = {1996}
}
@article{Azzalini1999,
author = {Azzalini, A. and Capitanio, A.},
doi = {10.1111/1467-9868.00194},
file = {:Users/samorris/Dropbox/Mendeley/Journal of the Royal Statistical Society Series B (Statistical Methodology)/Azzalini, Capitanio - 1999 - Statistical applications of the multivariate skew normal distribution.pdf:pdf},
issn = {1369-7412},
journal = {Journal of the Royal Statistical Society: Series B (Statistical Methodology)},
keywords = {elliptical distributions,multivariate normal distribution,quadratic forms,skew normal distribution,skewness},
month = aug,
number = {3},
pages = {579--602},
title = {{Statistical applications of the multivariate skew normal distribution}},
url = {http://doi.wiley.com/10.1111/1467-9868.00194},
volume = {61},
year = {1999}
}
@article{Azzalini2005,
author = {Azzalini, Adelchi},
doi = {10.1111/j.1467-9469.2005.00426.x},
file = {:Users/samorris/Dropbox/Mendeley/Scandinavian Journal of Statistics/Azzalini - 2005 - The Skew‐normal Distribution and Related Multivariate Families.pdf:pdf},
issn = {0303-6898},
journal = {Scandinavian Journal of Statistics},
keywords = {1,background and motivation,flexible parametric family,graphical models,heavy tails,hidden truncation model,selective sampling,skew- t distribution,skew-elliptical distribution,skew-normal distribution,stochastic frontier models},
month = jun,
number = {2},
pages = {159--188},
title = {{The Skew‐normal Distribution and Related Multivariate Families}},
url = {http://onlinelibrary.wiley.com/doi/10.1111/j.1467-9469.2005.00426.x/abstract http://doi.wiley.com/10.1111/j.1467-9469.2005.00426.x},
volume = {32},
year = {2005}
}
@article{Branco2001,
author = {Branco, M\'{a}rcia D. and Dey, Dipak K.},
doi = {10.1006/jmva.2000.1960},
file = {:Users/samorris/Dropbox/Mendeley/Journal of Multivariate Analysis/Branco, Dey - 2001 - A General Class of Multivariate Skew-Elliptical Distributions.pdf:pdf},
issn = {0047259X},
journal = {Journal of Multivariate Analysis},
keywords = {and phrases,elliptical distributions,exponential power family,mixture,of normals,pearson type ii,skewness},
month = oct,
number = {1},
pages = {99--113},
title = {{A General Class of Multivariate Skew-Elliptical Distributions}},
url = {http://linkinghub.elsevier.com/retrieve/pii/S0047259X00919602},
volume = {79},
year = {2001}
}
@article{Cabras,
author = {Cabras, Stefano and Racugno, Walter and Castellanos, Mar\'{\i}a Eugenia and Ventura, Laura},
doi = {10.1111/j.1467-9469.2011.0775.x},
file = {:Users/samorris/Dropbox/Mendeley/Scandinavian Journal of Statistics/Cabras et al. - 2012 - A Matching Prior for the Shape Parameter of the Skew-Normal Distribution.pdf:pdf},
issn = {03036898},
journal = {Scandinavian Journal of Statistics},
keywords = {integrated likelihood,modified profile likelihood,monotone likelihood,nuisance,parameters,pseudo-likelihood,regression model,skewness},
month = jun,
number = {2},
pages = {236--247},
title = {{A Matching Prior for the Shape Parameter of the Skew-Normal Distribution}},
url = {http://doi.wiley.com/10.1111/j.1467-9469.2011.0775.x},
volume = {39},
year = {2012}
}
@article{Gupta2004a,
author = {Gupta, Arjun K. and Chen, John T.},
doi = {10.1007/BF02530547},
file = {:Users/samorris/Dropbox/Mendeley/Annals of the Institute of Statistical Mathematics/Gupta, Chen - 2004 - A class of multivariate skew-normal models.pdf:pdf},
issn = {0020-3157},
journal = {Annals of the Institute of Statistical Mathematics},
number = {2},
pages = {305--315},
title = {{A class of multivariate skew-normal models}},
url = {http://link.springer.com/10.1007/BF02530547},
volume = {56},
year = {2004}
}
@article{Gupta2004,
author = {Gupta, Arjun K. and Gonz\'{a}lez-Farı́as, Graciela and Domı́nguez-Molina, J.Armando},
doi = {10.1016/S0047-259X(03)00131-3},
file = {:Users/samorris/Dropbox/Mendeley/Journal of Multivariate Analysis/Gupta, Gonz\'{a}lez-Farı́as, Domı́nguez-Molina - 2004 - A multivariate skew normal distribution.pdf:pdf},
issn = {0047259X},
journal = {Journal of Multivariate Analysis},
keywords = {conditional,contours,density,generating function,marginal,moment,moments,non-normal models,regression},
month = apr,
number = {1},
pages = {181--190},
title = {{A multivariate skew normal distribution}},
url = {http://linkinghub.elsevier.com/retrieve/pii/S0047259X03001313},
volume = {89},
year = {2004}
}
@book{Gupta2013,
address = {New York, NY},
author = {Gupta, Arjun K. and Varga, Tamas and Bodnar, Taras},
booktitle = {Elliptically Contoured Models in Statistics and Portfolio Theory},
chapter = {11},
doi = {10.1007/978-1-4614-8154-6},
file = {:Users/samorris/Dropbox/Mendeley/Elliptically Contoured Models in Statistics and Portfolio Theory/Gupta, Varga, Bodnar - 2013 - Elliptically Contoured Models in Statistics and Portfolio Theory.pdf:pdf},
isbn = {978-1-4614-8153-9},
publisher = {Springer New York},
title = {{Elliptically Contoured Models in Statistics and Portfolio Theory}},
url = {http://link.springer.com/10.1007/978-1-4614-8154-6},
year = {2013}
}
@article{Liseo2002,
author = {Liseo, Brunero and Loperfido, Nicola and La, Roma},
file = {:Users/samorris/Dropbox/Mendeley/Unknown/Liseo, Loperfido, La - 2002 - Default Bayesian Analysis of the Skew-Normal Distribution.pdf:pdf},
title = {{Default Bayesian Analysis of the Skew-Normal Distribution}},
year = {2002}
}
@article{Minozzo2012,
author = {Minozzo, Marco and Ferracuti, Laura},
file = {:Users/samorris/Dropbox/Mendeley/Chilean Journal of Statistics (ChJS)/Minozzo, Ferracuti - 2012 - On the existence of some skew-normal stationary processes.pdf:pdf},
journal = {Chilean Journal of Statistics (ChJS)},
keywords = {autocorrelation function,generalized linear mixed model,geostatistics,mathematics subject classification,multivariate skew-normal distribution,primary 62m30,secondary 62h11,spatial process,stationary process},
number = {2},
pages = {157--170},
title = {{On the existence of some skew-normal stationary processes.}},
url = {http://chjs.deuv.cl/Vol3N2/ChJS-03-02-04.pdf},
volume = {3},
year = {2012}
}
@article{Minozzo2004,
author = {Minozzo, Marco and Fruttini, Daniela},
doi = {10.1002/env.675},
file = {:Users/samorris/Dropbox/Mendeley/Environmetrics/Minozzo, Fruttini - 2004 - Loglinear spatial factor analysis an application to diabetes mellitus complications.pdf:pdf},
issn = {1180-4009},
journal = {Environmetrics},
keywords = {disease mapping,generalized linear mixed models,linear model of coregionalization,loglinear,models,multivariate geostatistics,spatial epidemiology},
month = aug,
number = {5},
pages = {423--434},
title = {{Loglinear spatial factor analysis: an application to diabetes mellitus complications}},
url = {http://doi.wiley.com/10.1002/env.675},
volume = {15},
year = {2004}
}
@article{OHagan1976,
abstract = {When estimating a normal location parameter, an inequality constraint is sometimes indicated by theoretical considerations. If, however, this constraint is assumed apriori definitely to hold, then the data will never be permitted to formally contradict the theory. We propose a family of skew prior distributions which reflect uncertainty about the constraint.},
author = {O'Hagan, A. and Leonard, Tom},
doi = {10.2307/2335105},
file = {:Users/samorris/Dropbox/Mendeley/Biometrika/O'Hagan, Leonard - 1976 - Bayes Estimation Subject to Uncertainty About Parameter Constraints.pdf:pdf},
issn = {00063444},
journal = {Biometrika},
keywords = {1,background and motivation,flexible parametric family,graphical models,heavy tails,hidden truncation model,selective sampling,skew- t distribution,skew-elliptical distribution,skew-normal distribution,stochastic frontier models},
month = apr,
number = {1},
pages = {201},
title = {{Bayes Estimation Subject to Uncertainty About Parameter Constraints}},
url = {http://www.jstor.org/stable/2335105?origin=crossref},
volume = {63},
year = {1976}
}
@article{Sahu2003,
author = {Sahu, Sujit K. and Dey, Dipak K. and Branco, M\'{a}rcia D.},
doi = {10.2307/3316064},
file = {:Users/samorris/Dropbox/Mendeley/Canadian Journal of Statistics/Sahu, Dey, Branco - 2003 - A new class of multivariate skew distributions with applications to bayesian regression models.pdf:pdf},
issn = {03195724},
journal = {Canadian Journal of Statistics},
keywords = {62105,62h12,andphrases,bayesian inference,elliptical distributions,gibbs sampler,heavy tailed error dis-,markov chain monte carlo,msc 2000,multivariate skewness,primary 62f15,secondary 62e15,tribution},
month = jun,
number = {2},
pages = {129--150},
title = {{A new class of multivariate skew distributions with applications to bayesian regression models}},
url = {http://doi.wiley.com/10.2307/3316064},
volume = {31},
year = {2003}
}
@article{Wiper2008,
author = {Wiper, M. P. and Gir\'{o}n, F. J. and Pewsey, Arthur},
doi = {10.1080/03610920802105184},
file = {:Users/samorris/Dropbox/Mendeley/Communications in Statistics - Theory and Methods/Wiper, Gir\'{o}n, Pewsey - 2008 - Objective Bayesian Inference for the Half-Normal and Half- t Distributions.pdf:pdf},
isbn = {0361092080210},
issn = {0361-0926},
journal = {Communications in Statistics - Theory and Methods},
keywords = {62f15,bias-correction,gaussian-modulated gamma distribution,gibbs,likelihood based inference,mathematics subject classification primary,model selection,normal-gamma distribution,right-truncated,sampling,secondary 62e15},
month = sep,
number = {20},
pages = {3165--3185},
title = {{Objective Bayesian Inference for the Half-Normal and Half- t Distributions}},
url = {http://www.tandfonline.com/doi/abs/10.1080/03610920802105184},
volume = {37},
year = {2008}
}
@article{Zhang2010,
author = {Zhang, Hao and El-Shaarawi, A},
doi = {10.1002/env},
file = {:Users/samorris/Dropbox/Mendeley/Environmetrics/Zhang, El-Shaarawi - 2010 - On spatial skew‐Gaussian processes and applications.pdf:pdf},
journal = {Environmetrics},
keywords = {em algorithm,ern covariogram,mat,skew-gaussian process,skew-normal distribution,slice},
number = {October 2008},
pages = {33--47},
title = {{On spatial skew‐Gaussian processes and applications}},
url = {http://onlinelibrary.wiley.com/doi/10.1002/env.982/abstract},
year = {2010}
}
