/home/samorris/Dropbox/LaTeX/library.bib