%% This BibTeX bibliography file was created using BibDesk.
%% http://bibdesk.sourceforge.net/


%% Created for Sam Morris at 2013-07-17 00:12:26 -0500 


%% Saved with string encoding Unicode (UTF-8) 



@book{deHaan2006,
	Address = {New York},
	Author = {L. de Haan and A. Ferreira},
	Publisher = {Springer},
	Series = {Springer Series in Operations Research and Financial Engineering},
	Title = {Extreme Value Theory},
	Year = {2006}}

@book{Nelsen-1999,
	Address = {New York},
	Author = {Nelsen, R. B.},
	Publisher = {Springer-Verlag},
	Title = {An introduction to copulas},
	Year = {1999}}

@article{padoan2010,
	Author = {Padoan, S.A. and Ribatet, M. and Sisson, S.A.},
	Journal = {Journal of the American Statistical Association},
	Pages = {263--277},
	Title = {Likelihood-based inference for max-stable processes},
	Volume = {105},
	Year = {2010}}

@article{ribatet2012,
	Author = {M. Ribatet and D. Cooley and A. C. Davison},
	Journal = {Statistica Sinica},
	Pages = {813-846},
	Title = {Bayesian Inference for Composite Likelihood Models and an Application to Spatial Extremes},
	Volume = {22},
	Year = {2011}}

@article{huser2012,
	Author = {Huser, R. and Davison, AC},
	Journal = {arXiv preprint arXiv:1201.3245},
	Title = {Space-time modelling of extreme events},
	Year = {2012}}

@article{jeon2012,
	Author = {Jeon, S. and Smith, R.L.},
	Journal = {Submitted},
	Title = {Dependence Structure of Spatial Extremes using Threshold Approach},
	Year = {2012}}

@article{Schlather03,
	Author = {M. Schlather and J. Tawn},
	Journal = {Biometrika},
	Pages = {139-156},
	Title = {A dependence measure for multivariate and spatial extreme values: {P}roperties and Inference},
	Volume = 90,
	Year = 2003}

@article{Shaby-2013,
	Author = {B. A. Shaby and B. J. Reich},
	Journal = {Environmetrics},
	Note = {In press},
	Title = {Bayesian spatial extreme value analysis to assess the changing risk of concurrent extremely high temperatures across large portions of European cropland},
	Year = {2013}}

@book{Resnick87,
	Address = {New York},
	Author = {S.I. Resnick},
	Publisher = {Springer-Verlag},
	Title = {Extreme Values, Regular Variation, and Point Processes},
	Year = 1987}

@article{Coles99b,
	Author = {S.G. Coles and J. Heffernan and J. Tawn},
	Journal = {Extremes},
	Pages = {339-365},
	Title = {Dependence measures for extreme value analysis},
	Volume = 2,
	Year = 1999}

@article{barriopedro-2011a,
	Author = {Barriopedro, D. and Fischer, E.M. and Luterbacher, J. and Trigo, R.M. and Garc{\'\i}a-Herrera, R.},
	Journal = {Science},
	Pages = {220},
	Title = {The hot summer of 2010: {R}edrawing the temperature record map of Europe},
	Volume = {332},
	Year = {2011}}

@article{bartot-2012a,
	Author = {Bartot, Paola and Gaetan, Carlo},
	Note = {Submitted},
	Title = {A latent process model for temporal extremes},
	Year = {2012}}

@article{bobb-2011a,
	Author = {Bobb, Jennifer F. and Dominici, Francesca and Peng, Roger D.},
	Journal = {Biometrics},
	Pages = {1605--1616},
	Title = {A {B}ayesian model averaging approach for estimating the relative risk of mortality associated with heat waves in 105 {U}.{S}. cities},
	Volume = {67},
	Year = {2011}}

@article{chavez-2012a,
	Author = {Chavez-Demoulin, V. and Davison, A. C.},
	Journal = {REVSTAT},
	Pages = {109--133},
	Title = {Modelling time series extremes},
	Volume = {10},
	Year = {2012}}

@book{Beirlant04,
	Address = {New York},
	Author = {J. Beirlant and Y. Goegebeur and J. Segers and J. Teugels and D. De Waal and C. Ferro},
	Publisher = {Wiley},
	Title = {Statistics of Extremes: {T}heory and Applications},
	Year = {2004}}

@article{clark-2006a,
	Author = {Clark, R.T. and Brown, S.J. and Murphy, J.M.},
	Journal = {Journal of climate},
	Pages = {4418--4435},
	Title = {Modeling northern hemisphere summer heat extreme changes and their uncertainties using a physics ensemble of climate sensitivity experiments},
	Volume = {19},
	Year = {2006}}

@book{coles-2001a,
	Address = {London},
	Author = {Coles, Stuart},
	Isbn = {1-85233-459-2},
	Pages = {xiv+208},
	Publisher = {Springer-Verlag London Ltd.},
	Series = {Springer Series in Statistics},
	Title = {An introduction to statistical modeling of extreme values},
	Year = {2001}}

@article{davison-1990a,
	Author = {Davison, A.C. and Smith, R.L.},
	Journal = {Journal of the Royal Statistical Society: Series B},
	Pages = {393--442},
	Title = {Models for exceedances over high thresholds},
	Year = {1990}}

@article{easterling-2000a,
	Author = {Easterling, DR and Evans, JL and Groisman, P.Y. and Karl, TR and Kunkel, KE and Ambenje\&, P.},
	Journal = {Bulletin of the American Meteorological Society},
	Pages = {417--425},
	Title = {Observed Variability and Trends in Extreme Climate Events: {A} Brief Review},
	Volume = {81},
	Year = {2000}}

@article{easterling-2000b,
	Author = {Easterling, D.R. and Meehl, G.A. and Parmesan, C. and Changnon, S.A. and Karl, T.R. and Mearns, L.O.},
	Journal = {Science},
	Pages = {2068--2074},
	Title = {Climate extremes: {O}bservations, modeling, and impacts},
	Volume = {289},
	Year = {2000}}

@article{fawcett-2006a,
	Author = {Fawcett, Lee and Walshaw, David},
	Journal = {Journal of the Royal Statistical Society: Series C},
	Pages = {631--646},
	Title = {A hierarchical model for extreme wind speeds},
	Volume = {55},
	Year = {2006}}

@article{fawcett-2006b,
	Author = {Fawcett, Lee and Walshaw, David},
	Journal = {Environmetrics},
	Pages = {795--809},
	Title = {Markov chain models for extreme wind speeds},
	Volume = {17},
	Year = {2006}}

@article{fawcett-2007a,
	Author = {Fawcett, Lee and Walshaw, David},
	Journal = {Environmetrics},
	Pages = {173--188},
	Title = {Improved estimation for temporally clustered extremes},
	Volume = {18},
	Year = {2007}}

@article{fawcett-2012a,
	Author = {Fawcett, Lee and Walshaw, David},
	Journal = {Environmetrics},
	Pages = {272--283},
	Title = {Estimating return levels from serially dependent extremes},
	Volume = {23},
	Year = {2012}}

@article{ferro-2003a,
	Author = {Ferro, Christopher A. T. and Segers, Johan},
	Journal = {Journal of the Royal Statistical Society: Series B},
	Pages = {545--556},
	Title = {Inference for clusters of extreme values},
	Volume = {65},
	Year = {2003}}

@article{fischer-2010a,
	Author = {Fischer, EM and Sch{\"a}r, C.},
	Journal = {Nature Geoscience},
	Pages = {398--403},
	Title = {Consistent geographical patterns of changes in high-impact European heatwaves},
	Volume = {3},
	Year = {2010}}

@article{fougeres-2009a,
	Author = {Foug{\`e}res, Anne-Laure and Nolan, John P. and Rootz{\'e}n, Holger},
	Journal = {Scandinavian Journal of Statistics},
	Pages = {42--59},
	Title = {Models for dependent extremes using stable mixtures},
	Volume = {36},
	Year = {2009}}

@article{frich-2002a,
	Author = {Frich, P. and Alexander, LV and Della-Marta, P. and Gleason, B. and Haylock, M. and Klein Tank, AMG and Peterson, T.},
	Journal = {Climate Research},
	Pages = {193--212},
	Title = {Observed coherent changes in climatic extremes during the second half of the twentieth century},
	Volume = {19},
	Year = {2002}}

@article{furrer-2010a,
	Author = {Furrer, E.M. and Katz, R.W. and Walter, M.D. and Furrer, R.},
	Journal = {Climate Research},
	Pages = {191--205},
	Title = {Statistical modeling of hot spells and heat waves},
	Volume = {43},
	Year = {2010}}

@article{huerta-2007a,
	Author = {Huerta, G. and Sans{\'o}, B.},
	Journal = {Environmental and Ecological Statistics},
	Pages = {285--299},
	Title = {Time-varying models for extreme values},
	Volume = {14},
	Year = {2007}}

@article{huth-2000a,
	Author = {Huth, R. and Kysel{\`y}, J. and Pokorn{\'a}, L.},
	Journal = {Climatic Change},
	Pages = {29--60},
	Title = {A GCM simulation of heat waves, dry spells, and their relationships to circulation},
	Volume = {46},
	Year = {2000}}

@book{ipcc-2007b,
	Editor = {Parry, M.L. and Canziani, O.F. and Palutikof, J.P. and van der Linden, P.J. and Hanson, C.E.},
	Publisher = {Cambridge University Press},
	Title = {Climate Change 2007: {I}mpacts, adaptation and vulnerability. Contribution of Working Group II to the Fourth Assessment Report of the IPCC},
	Year = {2007}}

@article{karl-1997a,
	Author = {Karl, T.R. and Knight, R.W.},
	Journal = {Bulletin of the American Meteorological Society},
	Pages = {1107--1120},
	Title = {The 1995 Chicago heat wave: {H}ow likely is a recurrence?},
	Volume = {78},
	Year = {1997}}

@article{khaliq-2005a,
	Author = {Khaliq, MN and St-Hilaire, A. and Ouarda, T. and Bobee, B.},
	Journal = {International journal of climatology},
	Pages = {485--504},
	Title = {Frequency analysis and temporal pattern of occurrences of southern Quebec heatwaves},
	Volume = {25},
	Year = {2005}}

@article{kunkel-1999a,
	Author = {Kunkel, K.E. and Pielke, R.A. and Changnon, S.A.},
	Journal = {Bulletin of the American Meteorological Society},
	Pages = {1077--1098},
	Title = {Temporal fluctuations in weather and climate extremes that cause economic and human health impacts: {A} review},
	Volume = {80},
	Year = {1999}}

@article{meehl-2004a,
	Author = {Meehl, G.A. and Tebaldi, C.},
	Journal = {Science},
	Pages = {994},
	Title = {More intense, more frequent, and longer lasting heat waves in the 21st century},
	Volume = {305},
	Year = {2004}}

@article{palecki-2001a,
	Author = {Palecki, M.A. and Changnon, S.A. and Kunkel, K.E.},
	Journal = {Bulletin of the American Meteorological Society},
	Pages = {1353--1367},
	Title = {The nature and impacts of the July 1999 heat wave in the midwestern United States: {L}earning from the lessons of 1995},
	Volume = {82},
	Year = {2001}}

@article{peng-2011a,
	Author = {Peng, R.D. and Bobb, J.F. and Tebaldi, C. and McDaniel, L. and Bell, M.L. and Dominici, F.},
	Journal = {Environmental Health Perspectives},
	Pages = {701},
	Title = {Toward a quantitative estimate of future heat wave mortality under global climate change},
	Volume = {119},
	Year = {2011}}

@article{rahmstorf-2011a,
	Author = {Rahmstorf, S. and Coumou, D.},
	Journal = {Proceedings of the National Academy of Sciences},
	Pages = {17905--17909},
	Title = {Increase of extreme events in a warming world},
	Volume = {108},
	Year = {2011}}

@article{reich-2012,
	Author = {Reich, B.J. and Shaby, B.A.},
	Journal = {The Annals of Applied Statistics},
	Pages = {1430-1451},
	Title = {A hierarchical max-stable spatial model from extreme precipitation},
	Volume = {6},
	Year = {2012}}

@article{Wang-2010,
	Author = {Wang, X and Day, D. K},
	Journal = {The Annals of Applied Statistics},
	Pages = {2000-2023},
	Title = {Generalized extreme value regression for binary response data: An application to B2B electronic payments system adoption},
	Volume = {64},
	Year = {2010}}

@article{Tawn-1990,
	Author = {Tawn, J. A.},
	Journal = {Biometrika},
	Pages = {245-253},
	Title = {Modelling multivariate extreme value distributions},
	Volume = {77},
	Year = {1990}}

@article{robine-2008a,
	Author = {Robine, J.M. and Cheung, S.L.K. and Le Roy, S. and Van Oyen, H. and Griffiths, C. and Michel, J.P. and Herrmann, F.R.},
	Journal = {Comptes rendus biologies},
	Pages = {171--178},
	Title = {Death toll exceeded 70,000 in Europe during the summer of 2003},
	Volume = {331},
	Year = {2008}}

@article{schar-2004a,
	Author = {Sch{\"a}r, C. and Vidale, P.L. and L{\"u}thi, D. and Frei, C. and H{\"a}berli, C. and Liniger, M.A. and Appenzeller, C.},
	Journal = {Nature},
	Pages = {332--336},
	Title = {The role of increasing temperature variability in European summer heatwaves},
	Volume = {427},
	Year = {2004}}

@article{schlenker-2009a,
	Author = {Schlenker, W. and Roberts, M.J.},
	Journal = {Proceedings of the National Academy of Sciences},
	Pages = {15594--15598},
	Title = {Nonlinear temperature effects indicate severe damages to US crop yields under climate change},
	Volume = {106},
	Year = {2009}}

@article{smith-1990b,
	Author = {Smith, R.L.},
	Journal = {Unpublished manuscript},
	Title = {Regional estimation from spatially dependent data},
	Year = {1990}}

@article{smith-1997a,
	Author = {Smith, R.L. and Tawn, J.A. and Coles, S.G.},
	Journal = {Biometrika},
	Pages = {249},
	Title = {Markov chain models for threshold exceedances},
	Volume = {84},
	Year = {1997}}

@article{stephenson-2009a,
	Author = {Stephenson, Alec G.},
	Journal = {Australian \& New Zealand Journal of Statistics},
	Pages = {77--88},
	Title = {High-dimensional parametric modelling of multivariate extreme events},
	Volume = {51},
	Year = {2009}}

@article{coles-1999,
	Author = {S Coles and J Heffernan and J Tawan},
	Journal = {Extremes},
	Pages = {339-365},
	Title = {Dependence Measures for Extreme Value Analyses},
	Volume = {2},
	Year = {1999}}

@misc{munichre-2003a,
	Author = {Munich Re},
	Note = {\url{www.munichre.com}},
	Title = {Annual Review: {N}atural Catastrophes 2003},
	Year = {2003}}
